%% This BibTeX bibliography file was created using BibDesk.
%% http://bibdesk.sourceforge.net/


%% Created for مضاوي at 2014-03-27 15:58:09 -0400 


%% Saved with string encoding Unicode (UTF-8) 



@book{san1,
	Author = {Santoro, N.},
	Date-Added = {2014-03-27 16:32:48 +0000},
	Date-Modified = {2014-03-27 19:53:17 +0000},
	Publisher = {John Wiley \& Sons},
	Title = {Design and Analysis of Distributed Algorithms},
	Year = {2006}}

@inproceedings{czyetal1,
	Author = {J. Czyzowicz and D. R. Kowalski and E. Markou and A. Pelc},
	Booktitle = {Proceedings of the 8th International Conference on Principles of Distributed Systems},
	Date-Modified = {2014-03-27 19:56:54 +0000},
	Title = {Searching for a Black Hole in Tree Networks},
	Year = {2004}}

@inproceedings{czyetal2,
	Author = {J. Czyzowicz and S. Dobrev and R. Kr\'{a}lovi\u{c} and S. Mikl\'{i}k and D. Pardubsk\'{a}},
	Booktitle = {Proceedings of the 17th International Colloquium on Structural Information and Communication Complexity},
	Date-Modified = {2014-03-27 19:48:41 +0000},
	Title = {Black Hole Search in Directed Graphs},
	Year = {2010}}

@article{dobetal3,
	Author = {S. Dobrev and P. Flocchini and R. Kr\'{a}lovi\u{c} and P. Ruzicka and G. Prencipe and N. Santoro},
	Date-Modified = {2014-03-27 19:53:32 +0000},
	Journal = {Networks},
	Title = {Black Hole Search in Common Interconnection Networks},
	Year = {2006}}

@article{bre4,
	Author = {Breisch, R},
	Date-Modified = {2014-03-27 19:58:05 +0000},
	Journal = {Southwestern cavers},
	Title = {An intuitive Approach to Speleotopology},
	Year = {1967}}

@inproceedings{fabetal5,
	Author = {Fabrizio, L. and Pagli, L. and Santoro, N.},
	Booktitle = {Parallel and Distributed Processing Symposium, 2006. IPDPS 2006. 20th International},
	Date-Added = {2014-03-25 02:47:31 +0000},
	Date-Modified = {2014-03-27 18:57:14 +0000},
	Read = {0},
	Title = {Network decontamination with local immunization},
	Year = {2006},
	Bdsk-Url-1 = {http://dx.doi.org/10.1109/IPDPS.2006.1639553}}

@inproceedings{dobetal6,
	Author = {S. Dobrev and P. Flocchini and R. Kr\'{a}lovi\u{c} and N. Santoro},
	Booktitle = {Proceedings of the 4th IFIP International Conference on Theoretical Computer Science},
	Date-Modified = {2014-03-27 19:54:13 +0000},
	Title = {Exploring an Unknown Graph to Locate a Black Hole Using Tokens},
	Year = {2006}}



@article{kimetal,
  title={Mobile agent modeling},
  author={S. Kim and T. Robertazzi},
  year={2000},
  publisher={Citeseer}
}

@article{dobetal7,
	Author = {S. Dobrev and P. Flocchini and G. Prencipe and N. Santoro},
	Date-Modified = {2014-03-27 19:54:25 +0000},
	Journal = {Distributed Computing},
	Title = {Searching for a Black Hole in Arbitrary Networks: Optimal Mobile Agents Protocols},
	Year = {2006}}

@article{dobetal8,
	Author = {S. Dobrev and P. Flocchini and G. Prencipe and N. Santoro},
	Date-Modified = {2014-03-27 19:52:20 +0000},
	Journal = {Algorithmica},
	Title = {Mobile Search for a Black Hole in an Anonymous Ring},
	Year = {2007}}

@inproceedings{floetal9,
	Author = {P. Flocchini and D. Ilcinkas and N. Santoro},
	Booktitle = {Proceedings of the 22nd International Symposium on Distributed Computing},
	Date-Modified = {2014-03-27 19:50:37 +0000},
	Title = {Ping Pong in Dangerous Graphs: Optimal Black Hole Search with Pure Tokens},
	Year = {2008}}

@inproceedings{floetal10,
	Author = {P. Flocchini and M. Kellett and P. Mason and N. Santoro},
	Booktitle = {Proceedings of the 24th IEEE International Parallel and Distributed Processing Symposium},
	Date-Modified = {2014-03-27 19:49:37 +0000},
	Title = {Map construction and Exploration by Mobile Agents Scattered in a Dangerous Network},
	Year = {2009}}

@article{floetal11,
	Author = {P. Flocchini and M. Kellett and P. C. Mason and N. Santoro},
	Date-Modified = {2014-03-27 19:47:46 +0000},
	Journal = {Theory of Computing Systems},
	Title = {Searching for Black Holes in Subways},
	Year = {2012}}

@article{chaetal12,
	Author = {J. Chalopin and S. Das and A. Labourel and E. Markou},
	Date-Modified = {2014-03-27 19:46:31 +0000},
	Journal = {Theoretical Computer Science},
	Title = {Tight bounds for black hole search with scattered agents in synchronous rings},
	Year = {2013},
	Bdsk-Url-1 = {http://www.sciencedirect.com/science/article/pii/S0304397513001199},
	Bdsk-Url-2 = {http://dx.doi.org/10.1016/j.tcs.2013.02.010}}

@article{cooetal14,
	Author = {Colin Cooper and Ralf Klasing and Tomasz Radzik},
	Date-Modified = {2014-03-27 19:49:05 +0000},
	Journal = {Theoretical Computer Science},
	Title = {Locating and Repairing Faults in a Network with Mobile Agents},
	Year = {2010},
	Bdsk-Url-1 = {http://www.sciencedirect.com/science/article/pii/S0304397510000149},
	Bdsk-Url-2 = {http://dx.doi.org/10.1016/j.tcs.2010.01.011}}

@article{kosetal15,
	Author = {A. Kosowski and A. Navarra and C. M. Pinotti},
	Date-Modified = {2014-03-27 19:48:06 +0000},
	Journal = {Theoretical Computer Science},
	Title = {Synchronous Black Hole Search in Directed Graphs},
	Year = 2011}

@inproceedings{kosetal16,
	Author = {A. Kosowski and A. Navarra and M. C. Pinotti},
	Booktitle = {Proceedings of the 13th International Conference on Principles of Distributed Systems},
	Date-Modified = {2014-03-27 19:49:53 +0000},
	Title = {Synchronization Helps Robots to Detect Black Holes in Directed Graphs},
	Year = {2009}}

@inproceedings{floetal17,
	Author = {Flocchini, P. and Miao Jim Huang and Luccio, F.L.},
	Booktitle = {Parallel and Distributed Processing Symposium, 2006. IPDPS 2006. 20th International},
	Date-Modified = {2014-03-27 18:57:00 +0000},
	Title = {Decontamination of chordal rings and tori},
	Year = {2006},
	Bdsk-Url-1 = {http://dx.doi.org/10.1109/IPDPS.2006.1639545}}

@inproceedings{caietal18,
	Author = {J. Cai and Flocchini, P. and Santoro, N.},
	Booktitle = {Parallel and Distributed Processing Symposium Workshops PhD Forum (IPDPSW), 2013 IEEE 27th International},
	Date-Added = {2014-03-25 02:43:58 +0000},
	Date-Modified = {2014-03-27 19:47:11 +0000},
	Doi = {10.1109/IPDPSW.2013.115},
	Title = {Network Decontamination from a Black Virus},
	Year = {2013},
	Bdsk-Url-1 = {http://dx.doi.org/10.1109/IPDPSW.2013.115}}

@inproceedings{floetal19,
	Author = {Paola Flocchini and F.  Luccio and Lisa Xiuli Song},
	Booktitle = {Communications in Computing},
	Date-Modified = {2014-03-27 19:56:43 +0000},
	Title = {{Size Optimal Strategies for Capturing an Intruder in Mesh Networks}},
	Year = {2005}}

@article{floetal20,
	Author = {P. Flocchini,  and M. Huang,  and F. Luccio},

	Journal = {Networks},
	Title = {Decontamination of Hypercubes by Mobile Agents},
	Year = {2008},
}

@article{floc21,
	Author = {Flocchini, P},
	Journal = {Journal of Cellular Automata},
	Title = {Contamination and Decontamination in Majority-Based Systems.},
	Year = {2009},
}

@incollection{floetal13,
	Author = {Flocchini, P and Mans, B and Santoro, N},
	Booktitle = {Algorithms and Computation},
	Publisher = {Springer},
	Title = {Tree decontamination with temporary immunity},
	Year = {2008}}

@article{lucetal22,
	Author = {F. Luccio and L. Pagli and N. Santoro},
	Journal = {International Journal of Foundations of Computer Science},
	Title = {Network Decontamination in Presence of Local Immunity},
	Year = {2007},

}

@inproceedings{baretal24,
	Author = {Barri\`{e}re, L. and Flocchini, P. and Fraigniaud, P. and Santoro, N.},
	Booktitle = {Proceedings of the Fourteenth Annual ACM Symposium on Parallel Algorithms and Architectures},
	Title = {Capture of an Intruder by Mobile Agents},
	Year = {2002},

}

@incollection{cooetal15,
	Author = {Cooper, C and Klasing, R and Radzik, T},
	Booktitle = {Principles of distributed systems},
	Publisher = {Springer},
	Title = {Searching for black-hole faults in a network using multiple agents},
	Year = {2006}}
@inproceedings{Manetal5,
  title={Optimal fault-tolerant leader election in chordal rings},
  author={B. Mans,  and N. Santoro},
  booktitle={Fault-Tolerant Computing, 1994. FTCS-24. Digest of Papers., Twenty-Fourth International Symposium on},
 pages={392--401},
  year={1994},
  organization={IEEE}
}
@inproceedings{manetal6,
  title={On the interval routing of chordal rings},
  author={ B. Mans},
  booktitle={Parallel Architectures, Algorithms, and Networks, 1999.(I-SPAN'99) Proceedings. Fourth InternationalSymposium on},
 pages={16--21},
  year={1999},
  organization={IEEE}
}

@incollection{caietal7,
  title={On routing in circulant graphs},
  author={J. Cai,  and G. Havas, and B. Mans, and A. Nerurkar, and J. Seifert,  and I. Shparlinski},
  booktitle={Computing and Combinatorics},
  year={1999},
  publisher={Springer}

}

@article{baretal8,
  title={Symmetry properties of chordal rings of degree 3},
  author={L. Barri{\`e}re},
  journal={Discrete applied mathematics},
  year={2003},
  publisher={Elsevier}
}

@article{baretal9,
  title={Fault-tolerant routings in chordal ring networks},
  author={L. Barri{\`e}re, and J. F{\`a}brega, and E. Sim{\'o}, and M. Zaragoz{\'a}},
  journal={Networks},
  year={2000}
}
@article{floetal30,
  title={Enhancing peer-to-peer systems through redundancy},
  author={P. Flocchini, and A. Nayak,  and M. Xie},
  journal={Selected Areas in Communications, IEEE Journal on},
  year={2007},
}
@article{floetal31,
  title={Optimal irreversible dynamos in chordal rings},
  author={P. Flocchini, and F. Geurts, and N. Santoro},
  journal={Discrete Applied Mathematics},
  year={2001},
}

@article{stoetal10,
  title={Chord: a scalable peer-to-peer lookup protocol for internet applications},
  author={I. Stoica,  and R. Morris,  and D. Liben-Nowell,  and D. Karger, and M. Kaashoek,  and F. Dabek,  and H. Balakrishnan},
  journal={Networking, IEEE/ACM Transactions on},
  year={2003},
}

@article{nayetal2,
  title={Efficient construction of catastrophic patterns for VLSI reconfigurable arrays},
  author={A. Nayak, and L. Pagli, and N. Santoro},
  journal={Integration, the VLSI journal},
  pages={133--150},
  year={1993},
  publisher={Elsevier}
}

@article{nayetal3,
  title={Efficient construction of catastrophic patterns for VLSI reconfigurable arrays},
  author={A. Nayak, and L. Pagli,  and N. Santoro},
  journal={Integration, the VLSI journal},
  pages={133--150},
  year={1993},
  publisher={Elsevier}
}