%% This BibTeX bibliography file was created using BibDesk.
%% http://bibdesk.sourceforge.net/


%% Created for مضاوي at 2014-03-27 15:58:09 -0400 


%% Saved with string encoding Unicode (UTF-8) 



@book{san1,
	Author = {Santoro, N.},
	Date-Added = {2014-03-27 16:32:48 +0000},
	Date-Modified = {2014-03-27 19:53:17 +0000},
	Publisher = {John Wiley \& Sons},
	Title = {Design and Analysis of Distributed Algorithms},
	Year = {2006}}

@inproceedings{czyetal1,
	Author = {J. Czyzowicz and D. R. Kowalski and E. Markou and A. Pelc},
	Booktitle = {Proceedings of the 8th International Conference on Principles of Distributed Systems},
	Title = {Searching for a Black Hole in Tree Networks},
        pages={67--80},
	Year = {2004}}

@inproceedings{czyetal2,
	Author = {J. Czyzowicz and S. Dobrev and R. Kr\'{a}lovi\u{c} and S. Mikl\'{i}k and D. Pardubsk\'{a}},
	Booktitle = {Proceedings of the 17th International Colloquium on Structural Information and Communication Complexity},
	Title = {Black Hole Search in Directed Graphs},
        pages={182--194},
	Year = {2010}}

@article{dobetal3,
	Author = {S. Dobrev and P. Flocchini and R. Kr\'{a}lovi\u{c} and P. Ruzicka and G. Prencipe and N. Santoro},
	Journal = {Networks},
        pages={61--71},

	Title = {Black Hole Search in Common Interconnection Networks},
	Year = {2006}}

@article{bre4,
	Author = {Breisch, R},
	Date-Modified = {2014-03-27 19:58:05 +0000},
	Journal = {Southwestern cavers},
        pages={72--78}, 
	Title = {An intuitive Approach to Speleotopology},
	Year = {1967}}

@inproceedings{fabetal5,
	Author = {Fabrizio, L. and Pagli, L. and Santoro, N.},
	Booktitle = {Parallel and Distributed Processing Symposium, 2006. IPDPS 2006. 20th International},
pages={264--264},
	Title = {Network Decontamination with Local Immunization},
	Year = {2006},
organization={IEEE Computer Society}
}

@inproceedings{dobetal6,
	Author = {S. Dobrev and P. Flocchini and R. Kr\'{a}lovi\u{c} and N. Santoro},
	Booktitle = {Proceedings of the 4th IFIP International Conference on Theoretical Computer Science},
pages={131--150},
	Title = {Exploring an Unknown Graph to Locate a Black Hole Using Tokens},
	Year = {2006}}





@article{dobetal7,
	Author = {S. Dobrev and P. Flocchini and G. Prencipe and N. Santoro},
	Journal = {Distributed Computing},
	Title = {Searching for a Black Hole in Arbitrary Networks: Optimal Mobile Agents Protocols},
pages={153--162},
	Year = {2006}}

@article{dobetal8,
	Author = {S. Dobrev and P. Flocchini and G. Prencipe and N. Santoro},
	Journal = {Algorithmica},
  pages={67--90},

	Title = {Mobile Search for a Black Hole in an Anonymous Ring},
	Year = {2007}}


@article{floetal9,
  title={Ping Pong in Dangerous Graphs: Optimal Black Hole Search with Pebbles},
  author={P. Flocchini,  and D. Ilcinkas, and N. Santoro},
  journal={Algorithmica},
  pages={1006--1033},
  year={2012},
  publisher={Springer}
}




@inproceedings{floetal10,
  title={Map Construction and Exploration by Mobile Agents Scattered in a Dangerous Network},
  author={P. Flocchini,  and M. Kellett,  and P. Mason,  and N. Santoro},
  booktitle={Parallel \& Distributed Processing, 2009. IPDPS 2009. IEEE International Symposium on},
  pages={1--10},
  year={2009},
}

@article{floetal11,
	Author = {P. Flocchini and M. Kellett and P. C. Mason and N. Santoro},
	Journal = {Theory of Computing Systems},
	Title = {Searching for Black Holes in Subways},
	pages={158--184},
  year={2012},
  publisher={Springer}}

@article{chaetal12,
	Author = {J. Chalopin and S. Das and A. Labourel and E. Markou},
	Journal = {Theoretical Computer Science},
	Title = {Tight Bounds for Black Hole Search with Scattered Agents in Synchronous Rings},
	Year = {2013},
pages={70--85},
  publisher={Elsevier}
	}

@article{cooetal14,
	Author = {Colin Cooper and Ralf Klasing and Tomasz Radzik},
	Journal = {Theoretical Computer Science},
	Title = {Locating and Repairing Faults in a Network with Mobile Agents},
	pages={1638--1647},
  year={2010},
  publisher={Elsevier}
	}

@article{kosetal15,
	Author = {A. Kosowski and A. Navarra and C. M. Pinotti},
	Journal = {Theoretical Computer Science},
	Title = {Synchronous Black Hole Search in Directed Graphs},
	pages={5752--5759},
  year={2011},
  publisher={Elsevier}}



@incollection{kosetal16,
  title={Synchronization Helps Robots to Detect Black Holes in Directed Graphs},
  author={A. Kosowski, and A. Navarra,  and C. Pinotti},
  booktitle={Principles of Distributed Systems},
  pages={86--98},
  year={2009},
  publisher={Springer}
}

@inproceedings{floetal17,
	Author = {P. Flocchini,  and M. Huang and F. Luccio, },
	Booktitle = {Parallel and Distributed Processing Symposium, 2006. IPDPS 2006. 20th International},
	Title = {Decontamination of Chordal Rings and Tori},
	pages={8--pp},
  year={2006}
	}

@article{caietal18,
	Author = {J. Cai and P. Flocchini, and N. Santoro},
	Journal = {International Journal of Networking and Computiing},
        pages={151-173},
	Title = {Decontaminating a Network from a Black Virus},
	Year = {2014},
	}

@inproceedings{floetal19,
	Author = {P. Flocchini and F. Luccio and L. Song},
	Booktitle = {Communications in Computing},
	Title = {{Size Optimal Strategies for Capturing an Intruder in Mesh Networks}},
	pages={200--206},
  year={2005}}

@article{floetal20,
	Author = {P. Flocchini,  and M. Huang,  and F. Luccio},

	Journal = {Networks},
	Title = {Decontamination of Hypercubes by Mobile Agents},
	Year = {2008},
pages={167--178},
  publisher={Wiley Online Library}
}

@article{floc21,
	Author = {P. Flocchini},
	Journal = {Journal of Cellular Automata},
	Title = {Contamination and Decontamination in Majority-Based Systems.},
	Year = {2009},
Pages = {183 - 200},
}



@inproceedings{floetal13,
 author = {P. Flocchini,  and B. Mans, and N. Santoro},
 title = {Tree Decontamination with Temporary Immunity},
 booktitle = {Proceedings of the 19th International Symposium on Algorithms and Computation},
 year = {2008},
 pages = {330--341}} 



@article{lucetal22,
	Author = {F. Luccio and L. Pagli and N. Santoro},
	Journal = {International Journal of Foundations of Computer Science},
	Title = {Network Decontamination in Presence of Local Immunity},
	pages={457--474},
  year={2007},
  publisher={World Scientific}}

@inproceedings{baretal24,
	Author = {L. Barri\`{e}re,  and P. Flocchini,  and P. Fraigniaud,  and N. Santoro},
	Booktitle = {Proceedings of the Fourteenth Annual ACM Symposium on Parallel Algorithms and Architectures},
	Title = {Capture of an Intruder by Mobile Agents},
	pages={200--209},
  year={2002}

}



@INPROCEEDINGS{cooetal15,
    author = { C. Cooper and R. Tomasz },
    title = {Searching for Black-Hole Faults in a Network Using Multiple Agents},
    booktitle = {In Proceeding of 10th International Conference on Principles of Distributed Systems (OPODIS},
    year = {2006},
    pages = {320--332}
}


@inproceedings{Manetal5,
  title={Optimal Fault-Tolerant Leader Election in Chordal Rings},
  author={B. Mans,  and N. Santoro},
  booktitle={Fault-Tolerant Computing, 1994. FTCS-24. Digest of Papers., Twenty-Fourth International Symposium on},
 pages={392--401},
  year={1994},
}
@inproceedings{manetal6,
  title={On the Interval Routing of Chordal Rings},
  author={ B. Mans},
  booktitle={Parallel Architectures, Algorithms, and Networks, 1999.(I-SPAN'99) Proceedings. Fourth InternationalSymposium on},
 pages={16--21},
  year={1999},
}

@incollection{caietal7,
  title={On Routing in Circulant Graphs},
  author={J. Cai,  and G. Havas, and B. Mans, and A. Nerurkar, and J. Seifert,  and I. Shparlinski},
  booktitle={Computing and Combinatorics},
  pages={360--369},

  year={1999},
  publisher={Springer}

}

@article{baretal8,
  title={Symmetry Properties of Chordal Rings of Degree 3},
  author={L. Barri{\`e}re},
  journal={Discrete applied mathematics},
pages={211--232},
  year={2003},
  publisher={Elsevier}
}

@article{baretal9,
  title={Fault-tolerant Routings in Chordal Ring Networks},
  author={L. Barri{\`e}re, and J. F{\`a}brega, and E. Sim{\'o}, and M. Zaragoz{\'a}},
  journal={Networks},
pages={180--190},
  year={2000}
}
@article{floetal30,
  title={Enhancing Peer-to-Peer Systems through Redundancy},
  author={P. Flocchini, and A. Nayak,  and M. Xie},
  journal={IEEE Journal on Selected Areas in Communications },
  pages={15--24},

  year={2007},
}
@article{floetal31,
  title={Optimal Irreversible Dynamos in Chordal Rings},
  author={P. Flocchini, and F. Geurts, and N. Santoro},
  journal={Discrete Applied Mathematics},
pages={23--42},
  year={2001},
  publisher={Elsevier}

}

@article{stoetal10,
  title={Chord: a Scalable Peer-to-Peer Lookup Protocol for Internet Applications},
  author={I. Stoica,  and R. Morris,  and D. Liben-Nowell,  and D. Karger, and M. Kaashoek,  and F. Dabek,  and H. Balakrishnan},
  journal={Networking, IEEE/ACM Transactions on},
 pages={17--32},
  year={2003},
  publisher={IEEE}
}

@article{nayetal2,
  title={Efficient Construction of Catastrophic Patterns for VLSI Reconfigurable Arrays},
  author={A. Nayak, and L. Pagli, and N. Santoro},
  journal={Integration, the VLSI journal},
  pages={133--150},
  year={1993},
  publisher={Elsevier}
}

@article{nayetal4,
  title={An Improved Testing Scheme for Catastrophic Fault Patterns},
  author={A. Nayak, and J. Ren,  and N. Santoro},
  journal={Information processing letters},
  pages={199--206},
  year={2000},
  publisher={Elsevier}
}
@inproceedings{nayetal3,
  title={Fault-intolerance of Reconfigurable Systolic Arrays},
  author={A. Nayak,  and N. Santoro,  and R. Tan},
  booktitle={Fault-Tolerant Computing, 1990. FTCS-20. Digest of Papers., 20th International Symposium},
  pages={202--209},
  year={1990},
}

@article{baretal17,
  title={Connected Graph Searching},
  author={L. Barri{\`e}re,  and P. Flocchini,  and F. Fomin,  and P. Fraigniaud,  and N. Nisse,  and N. Santoro,  and D. Thilikos},
  journal={Information and Computation},
  pages={1--16},
  year={2012},
  publisher={Elsevier}
}


@article{Kimetal,
title = {Modeling mobile agent behavior},
journal = {Computers \& Mathematics with Applications },
author = {S. Kim and T. Robertazzi},

pages = {951 - 966},
year = {2006}

}